<?xml version="1.0" encoding="UTF-8"?><collection xmlns="http://www.loc.gov/MARC21/slim"><record><leader>00413nam--2200169-i-4500</leader><controlfield tag="001">000002391</controlfield><controlfield tag="002">20161230</controlfield><controlfield tag="005">20161230201025</controlfield><controlfield tag="008">060222s1000------------r-----000-0-eng-d</controlfield><datafield ind1=" " ind2=" " tag="040"><subfield code="a">IFIN-HH</subfield></datafield><datafield ind1=" " ind2=" " tag="080"><subfield code="a">621.039.6</subfield></datafield><datafield ind1="1" ind2=" " tag="100"><subfield code="a">Green, T. S</subfield></datafield><datafield ind1="1" ind2="0" tag="245"><subfield code="a">Thermonuclear power</subfield><subfield code="c">T.s. green</subfield></datafield><datafield ind1=" " ind2=" " tag="260"><subfield code="a">London, George Newnes Ltd., 1963</subfield></datafield><datafield ind1=" " ind2=" " tag="300"><subfield code="a">168 P</subfield></datafield><datafield ind1=" " ind2=" " tag="852"><subfield code="a">18653</subfield><subfield code="c">533.9</subfield></datafield><datafield ind1=" " ind2=" " tag="CAT"><subfield code="a">Sys</subfield><subfield code="c">20100922</subfield><subfield code="h">091523</subfield></datafield></record></collection>